@article{RN33,
   author = {Aihara, Makoto and Lindsey, James D. and Weinreb, Robert N.},
   title = {Aqueous Humor Dynamics in Mice},
   journal = {Investigative Opthalmology \& Visual Science},
   volume = {44},
   number = {12},
   pages = {5168},
   ISSN = {1552-5783},
   DOI = {10.1167/iovs.03-0504},
   year = {2003},
   type = {Journal Article}
}

@article{RN45,
   author = {Bahler, C. K. and Fautsch, M. P. and Hann, C. R. and Johnson, D. H.},
   title = {Factors influencing intraocular pressure in cultured human anterior segments},
   journal = {Invest Ophthalmol Vis Sci},
   volume = {45},
   number = {9},
   pages = {3137-43},
   ISSN = {0146-0404 (Print)
0146-0404 (Linking)},
   DOI = {10.1167/iovs.04-0154},
   url = {http://www.ncbi.nlm.nih.gov/pubmed/15326132},
   year = {2004},
   type = {Journal Article}
}

@article{RN5,
   author = {Boussommier-Calleja, Alexandra},
   title = {Mouse models of intra-ocular pressure, with applications to glaucoma},
   year = {2013},
   type = {Journal Article}
}

@article{RN71,
   author = {Boussommier-Calleja, A. and Overby, D. R.},
   title = {The influence of genetic background on conventional outflow facility in mice},
   journal = {Invest Ophthalmol Vis Sci},
   volume = {54},
   number = {13},
   pages = {8251-8},
   ISSN = {1552-5783 (Electronic)
0146-0404 (Linking)},
   DOI = {10.1167/iovs.13-13025},
   url = {http://www.ncbi.nlm.nih.gov/pubmed/24235015},
   year = {2013},
   type = {Journal Article}
}

@article{RN47,
   author = {Brubaker, Richard F.},
   title = {Goldmann's equation and clinical measures of aqueous dynamics},
   journal = {Experimental Eye Research},
   volume = {78},
   number = {3},
   pages = {633-637},
   ISSN = {00144835},
   DOI = {10.1016/j.exer.2003.07.002},
   year = {2004},
   type = {Journal Article}
}

@article{RN107,
   author = {Ethier, C Ross and Coloma, Fides M and De Kater, AW and Allingham, R Rand},
   title = {Retroperfusion studies of the aqueous outflow system. Part 2: Studies in human eyes},
   journal = {Investigative ophthalmology & visual science},
   volume = {36},
   number = {12},
   pages = {2466-2475},
   ISSN = {0146-0404},
   year = {1995},
   type = {Journal Article}
}

@article{RN108,
   author = {Grierson, I and Lee, WR},
   title = {Changes in the monkey outflow apparatus at graded levels of intraocular pressure: a qualitative analysis by light microscopy and scanning electron microscopy},
   journal = {Experimental eye research},
   volume = {19},
   number = {1},
   pages = {21-33},
   ISSN = {0014-4835},
   year = {1974},
   type = {Journal Article}
}

@article{RN44,
   author = {Stamer, W. D. and Lei, Y. and Boussommier-Calleja, A. and Overby, D. R. and Ethier, C. R.},
   title = {eNOS, a pressure-dependent regulator of intraocular pressure},
   journal = {Invest Ophthalmol Vis Sci},
   volume = {52},
   number = {13},
   pages = {9438-44},
   ISSN = {1552-5783 (Electronic)
0146-0404 (Linking)},
   DOI = {10.1167/iovs.11-7839},
   url = {http://www.ncbi.nlm.nih.gov/pubmed/22039240},
   year = {2011},
   type = {Journal Article}
}

@article{RN67,
   author = {Stamer, W. D. and Read, A. T. and Sumida, G. M. and Ethier, C. R.},
   title = {Sphingosine-1-phosphate effects on the inner wall of Schlemm's canal and outflow facility in perfused human eyes},
   journal = {Exp Eye Res},
   volume = {89},
   number = {6},
   pages = {980-8},
   ISSN = {1096-0007 (Electronic)
0014-4835 (Linking)},
   DOI = {10.1016/j.exer.2009.08.008},
   url = {http://www.ncbi.nlm.nih.gov/pubmed/19715693},
   year = {2009},
   type = {Journal Article}
}

@article{RN30,
   author = {Vaajanen, A. and Vapaatalo, H. and Oksala, O.},
   title = {A modified in vitro method for aqueous humor outflow studies in enucleated porcine eyes},
   journal = {J Ocul Pharmacol Ther},
   volume = {23},
   number = {2},
   pages = {124-31},
   ISSN = {1080-7683 (Print)
1080-7683 (Linking)},
   DOI = {10.1089/jop.2006.0057},
   url = {http://www.ncbi.nlm.nih.gov/pubmed/17444800},
   year = {2007},
   type = {Journal Article}
}

